@Article{someArticle,
  Title                    = {Article title},
  Author                   = {Lastname, Firstname and Someone, Else},
  Journal                  = {Journal Name},
  Year                     = {2016},
  Pages                    = {1--50},
  Volume                   = {1}
}

@Article{anotherArticle,
  Title                    = {Hi: A title about stuff},
  Author                   = {Burling, Joseph M.},
  Journal                  = {Bottom tier},
  Year                     = {2016},
  Pages                    = {1--2},
  Volume                   = {1},
  Doi                      = {10.1016/j.cogdev.2013.10.001}
}