@article{raley_divorce_2020,
	title = {Divorce, {Repartnering}, and {Stepfamilies}: {A} {Decade} in {Review}},
	volume = {82},
	issn = {0022-2445, 1741-3737},
	shorttitle = {Divorce, {Repartnering}, and {Stepfamilies}},
	url = {https://onlinelibrary.wiley.com/doi/abs/10.1111/jomf.12651},
	doi = {10.1111/jomf.12651},
	abstract = {Department of Sociology \& Population Research Center, University of Texas, Austin 305 E 23rd St., Stop G1800, Austin, TX 78712. ∗Department of Sociology \& California Center for Population Research, University of California, Los Angeles, 264 Haines Hall, University of California, Los Angeles, Los Angeles, CA 90095 (msweeney@soc.ucla.edu).},
	language = {en},
	number = {1},
	urldate = {2020-01-08},
	journal = {Journal of Marriage and Family},
	author = {Raley, R. Kelly and Sweeney, Megan M.},
	month = feb,
	year = {2020},
	pages = {81--99},
	file = {Raley and Sweeney - 2020 - Divorce, Repartnering, and Stepfamilies A Decade .pdf:/Users/christianfang/Zotero/storage/BX83QT8E/Raley and Sweeney - 2020 - Divorce, Repartnering, and Stepfamilies A Decade .pdf:application/pdf},
}

@article{jensen2022associations,
  title={Associations between dyadic relationship quality and stepfamily functioning: A common fate modeling approach},
  author={Jensen, Todd M and Ganong, Lawrence H},
  journal={Family Process},
  pages={e12803},
  year={2022},
  publisher={Wiley Online Library}
}

@article{jensen2017transitioning,
  title={Transitioning to stepfamily life: The influence of closeness with biological parents and stepparents on children's stress},
  author={Jensen, Todd M and Shafer, Kevin and Holmes, Erin K},
  journal={Child \& Family Social Work},
  volume={22},
  number={1},
  pages={275--286},
  year={2017},
  publisher={Wiley Online Library}
}
@article{ganong2019stepfathers,
  title={Stepfathers’ affinity-seeking with stepchildren, stepfather-stepchild relationship quality, marital quality, and stepfamily cohesion among stepfathers and mothers.},
  author={Ganong, Lawrence and Jensen, Todd and Sanner, Caroline and Russell, Luke and Coleman, Marilyn},
  journal={Journal of Family Psychology},
  volume={33},
  number={5},
  pages={521},
  year={2019},
  publisher={American Psychological Association}
}
@article{pink1985problem,
  title={Problem areas in stepfamilies: Cohesion, adaptability, and the stepfather-adolescent relationship},
  author={Pink, Jo Ellen Theresa and Wampler, Karen Smith},
  journal={Family Relations},
  pages={327--335},
  year={1985},
  publisher={JSTOR}
}

@article{waldren1990cohesion,
  title={Cohesion and adaptability in post-divorce remarried and first married families: Relationships with family stress and coping styles},
  author={Waldren, Terry and Bell, Nancy J and Sorell, Gwendolyn and Peek, Charles},
  journal={Journal of divorce \& remarriage},
  volume={14},
  number={1},
  pages={13--28},
  year={1990},
  publisher={Taylor \& Francis}
}

@article{komter2006strength,
  title={The strength of family ties},
  author={Komter, Aafke E and Knijn, Trudie CM},
  journal={Family solidarity in the Netherlands},
  pages={107},
  year={2006},
  publisher={Dutch University Press Amsterdam}
}
@article{favez2015coparenting,
  title={Coparenting in stepfamilies: Maternal promotion of family cohesiveness with partner and with father},
  author={Favez, Nicolas and Widmer, Eric D and Doan, Minh-Thuy and Tissot, Herv{\'e}},
  journal={Journal of Child and family Studies},
  volume={24},
  number={11},
  pages={3268--3278},
  year={2015},
  publisher={Springer}
}

@article{uncertainty,
author = { Kimberly J. M.   Downs   MS, CFLE },
title = {Family Commitment, Role Perceptions, Social Support, and Mutual Children in Remarriage},
journal = {Journal of Divorce \& Remarriage},
volume = {40},
number = {1-2},
pages = {35-53},
year  = {2004},
publisher = {Routledge},
doi = {10.1300/J087v40n01\_03},

URL = { 
        https://doi.org/10.1300/J087v40n01_03
    
},
eprint = { 
        https://doi.org/10.1300/J087v40n01_03
    
}

}

@article{king2015adolescents,
  title={Adolescents' perceptions of family belonging in stepfamilies},
  author={King, Valarie and Boyd, Lisa M and Thorsen, Maggie L},
  journal={Journal of Marriage and Family},
  volume={77},
  number={3},
  pages={761--774},
  year={2015},
  publisher={Wiley Online Library}
}

@article{waldren1990cohesion,
  title={Cohesion and adaptability in post-divorce remarried and first married families: Relationships with family stress and coping styles},
  author={Waldren, Terry and Bell, Nancy J and Sorell, Gwendolyn and Peek, Charles},
  journal={Journal of divorce \& remarriage},
  volume={14},
  number={1},
  pages={13--28},
  year={1990},
  publisher={Taylor \& Francis}
}

@article{shigeto2014roles,
  title={Roles of family cohesiveness, marital adjustment, and child temperament in predicting child behavior with mothers and fathers},
  author={Shigeto, Aya and Mangelsdorf, Sarah C and Brown, Geoffrey L},
  journal={Journal of Social and Personal Relationships},
  volume={31},
  number={2},
  pages={200--220},
  year={2014},
  publisher={Sage Publications Sage UK: London, England}
}

@article{duncan1994effects,
  title={The effects of family cohesiveness and peer encouragement on the development of adolescent alcohol use: a cohort-sequential approach to the analysis of longitudinal data.},
  author={Duncan, Terry E and Duncan, Susan C and Hops, Hyman},
  journal={Journal of studies on alcohol},
  volume={55},
  number={5},
  pages={588--599},
  year={1994},
  publisher={Rutgers University Piscataway, NJ}
}
@article{hong2015interactive,
  title={Interactive effects of parental personality and child temperament with parenting and family cohesion},
  author={Hong, Ryan Y and Tan, Christie S and Lee, Stephanie SM and Tan, Seok-Hui and Tsai, Fen-Fang and Poh, Xiu-Ting and Zhou, Yiwei and Sum, Elaine L and Zhou, Yuqi},
  journal={Parenting},
  volume={15},
  number={2},
  pages={92--118},
  year={2015},
  publisher={Taylor \& Francis}
}
@article{sanner2018half,
  title={Half-sibling and stepsibling relationships: A systematic integrative review},
  author={Sanner, Caroline and Russell, Luke T and Coleman, Marilyn and Ganong, Lawrence},
  journal={Journal of Family Theory \& Review},
  volume={10},
  number={4},
  pages={765--784},
  year={2018},
  publisher={Wiley Online Library}
}
@article{ivanova2019cementing,
  title={Cementing the stepfamily? Biological and stepparents’ relationship satisfaction after the birth of a common child in stepfamilies},
  author={Ivanova, Katya and Balbo, Nicoletta},
  journal={Journal of Family Issues},
  volume={40},
  number={10},
  pages={1346--1363},
  year={2019},
  publisher={SAGE Publications Sage CA: Los Angeles, CA}
}
@article{king2016factors,
  title={Factors associated with perceptions of family belonging among adolescents},
  author={King, Valarie and Boyd, Lisa M},
  journal={Journal of Marriage and Family},
  volume={78},
  number={4},
  pages={1114--1130},
  year={2016},
  publisher={Wiley Online Library}
}
@incollection{coleman2013resilience,
  title={Resilience in stepfamilies},
  author={Coleman, Marilyn and Ganong, Lawrence and Russell, Luke T},
  booktitle={Handbook of family resilience},
  pages={85--103},
  year={2013},
  publisher={Springer}
}
@article{fine1992perceived,
  title={Perceived self-competence, stepfamily myths, and (step) parent role ambiguity in adolescents from stepfather and stepmother families.},
  author={Fine, Mark A and Kurdek, Lawrence A and Hennigen, Lorraine},
  journal={Journal of Family Psychology},
  volume={6},
  number={1},
  pages={69},
  year={1992},
  publisher={American Psychological Association}
}
@article{anderson1999sibling,
  title={Sibling, half sibling, and stepsibling relationships in remarried families},
  author={Anderson, Edward R},
  journal={Monographs of the Society for Research in Child Development},
  pages={101--126},
  year={1999},
  publisher={JSTOR}
}
@article{pasley1989boundary,
  title={Boundary ambiguity in remarriage: Does ambiguity differentiate degree of marital adjustment and integration?},
  author={Pasley, B Kay and Ihinger-Tallman, Marilyn},
  journal={Family Relations},
  pages={46--52},
  year={1989},
  publisher={JSTOR}
}
@article{downs2004family,
  title={Family commitment, role perceptions, social support, and mutual children in remarriage: A test of uncertainty reduction theory},
  author={Downs, Kimberly JM},
  journal={Journal of Divorce \& Remarriage},
  volume={40},
  number={1-2},
  pages={35--53},
  year={2004},
  publisher={Taylor \& Francis}
}
@article{friedman1994theory,
  title={A theory of the value of children},
  author={Friedman, Debra and Hechter, Michael and Kanazawa, Satoshi},
  journal={Demography},
  volume={31},
  number={3},
  pages={375--401},
  year={1994},
  publisher={Springer}
}
@article{poortman2017shared,
  title={Shared residence after separation: A review and new findings from the Netherlands},
  author={Poortman, Anne-Rigt and van Gaalen, Ruben},
  journal={Family Court Review},
  volume={55},
  number={4},
  pages={531--544},
  year={2017},
  publisher={Wiley Online Library}
}
@article{kelly2007children,
  title={Children's living arrangements following separation and divorce: Insights from empirical and clinical research},
  author={Kelly, Joan B},
  journal={Family process},
  volume={46},
  number={1},
  pages={35--52},
  year={2007},
  publisher={Wiley Online Library}
}
@article{kielty2005mothers,
  title={Mothers are non-resident parents too: A consideration of mother's perspectives on non-residential parenthood},
  author={Kielty, Sandra},
  journal={Journal of Social Welfare and Family Law},
  volume={27},
  number={1},
  pages={1--16},
  year={2005},
  publisher={Taylor \& Francis}
}
@article{stewart1999disneyland,
  title={Disneyland dads, Disneyland moms? How nonresident parents spend time with absent children},
  author={Stewart, Susan D},
  journal={Journal of Family Issues},
  volume={20},
  number={4},
  pages={539--556},
  year={1999},
  publisher={SAGE Publications, Inc.}
}
@article{jensen2015perceived,
  title={Perceived stepparent--child relationship quality: A systematic review of stepchildren's perspectives},
  author={Jensen, Todd M and Howard, Matthew O},
  journal={Marriage \& Family Review},
  volume={51},
  number={2},
  pages={99--153},
  year={2015},
  publisher={Taylor \& Francis}
}
@article{weaver2010caught,
  title={Caught in the middle: Mothers in stepfamilies},
  author={Weaver, Shannon E and Coleman, Marilyn},
  journal={Journal of Social and Personal Relationships},
  volume={27},
  number={3},
  pages={305--326},
  year={2010},
  publisher={Sage Publications Sage UK: London, England}
}
@article{bakker2015family,
  title={Family routines and rituals following separation: continuity and change},
  author={Bakker, Wilma and Karsten, Lia and Mulder, Clara H},
  journal={Families, Relationships and Societies},
  volume={4},
  number={3},
  pages={365--382},
  year={2015},
  publisher={Policy Press}
}
@article{waller2014residential,
  title={Who is the residential parent? Understanding discrepancies in unmarried parents' reports},
  author={Waller, Maureen R and Jones, Maggie R},
  journal={Journal of Marriage and Family},
  volume={76},
  number={1},
  pages={73--93},
  year={2014},
  publisher={Wiley Online Library}
}
@article{carlsund2014swedish,
  title={Swedish Parent’s Experiences of Joint Physical Custody},
  author={Carlsund, {\AA}sa and Asplund, Kennet and Sellstr{\"o}m, Eva and Eriksson, Ulrika},
  journal={The Open Family Studies Journal},
  volume={6},
  number={1},
  year={2014}
}
@article{botterman2015social,
  title={The social life of divorced parents. Do custody arrangements make a difference in divorced parents’ social participation and contacts?},
  author={Botterman, Sarah and Sodermans, An Katrien and Matthijs, Koen},
  journal={Leisure Studies},
  volume={34},
  number={4},
  pages={487--500},
  year={2015},
  publisher={Taylor \& Francis}
}
@incollection{allan2011stepmothering,
  title={Stepmothering Stepchildren},
  author={Allan, Graham and Crow, Graham and Hawker, Sheila},
  booktitle={Stepfamilies},
  pages={85--117},
  year={2011},
  publisher={Springer}
}
@article{fine1996clarity,
  title={The clarity and content of the stepparent role: A review of the literature},
  author={Fine, Mark A},
  journal={Journal of divorce \& remarriage},
  volume={24},
  number={1-2},
  pages={19--34},
  year={1996},
  publisher={Taylor \& Francis}
}
@article{ganong1999stepparents,
  title={Stepparents' affinity-seeking and affinity-maintaining strategies with stepchildren},
  author={Ganong, Lawrence and Coleman, Marilyn and Fine, Mark and Martin, Patricia},
  journal={Journal of Family Issues},
  volume={20},
  number={3},
  pages={299--327},
  year={1999},
  publisher={SAGE Publications, Inc.}
}
@article{ganong2011patterns,
  title={Patterns of stepchild--stepparent relationship development},
  author={Ganong, Lawrence H and Coleman, Marilyn and Jamison, Tyler},
  journal={Journal of Marriage and Family},
  volume={73},
  number={2},
  pages={396--413},
  year={2011},
  publisher={Wiley Online Library}
}
@article{shapiro2011parenting,
  title={Parenting stress, perceived child regard, and depressive symptoms among stepmothers and biological mothers},
  author={Shapiro, Danielle N and Stewart, Abigail J},
  journal={Family Relations},
  volume={60},
  number={5},
  pages={533--544},
  year={2011},
  publisher={Wiley Online Library}
}
@article{guzzo2019variation,
  title={Is variation in biological and residential ties to children linked to mothers’ parental stress and perceptions of coparenting?},
  author={Guzzo, Karen Benjamin and Hemez, Paul and Anderson, Lydia and Manning, Wendy D and Brown, Susan L},
  journal={Journal of Family Issues},
  volume={40},
  number={4},
  pages={488--517},
  year={2019},
  publisher={Sage Publications Sage CA: Los Angeles, CA}
}
@article{nomaguchi2020parenthood,
  title={Parenthood and well-being: A decade in review},
  author={Nomaguchi, Kei and Milkie, Melissa A},
  journal={Journal of Marriage and Family},
  volume={82},
  number={1},
  pages={198--223},
  year={2020},
  publisher={Wiley Online Library}
}
@article{jensen2021theorizing,
  title={Theorizing ambiguous gain: Opportunities for family scholarship},
  author={Jensen, Todd M},
  journal={Journal of Family Theory \& Review},
  volume={13},
  number={1},
  pages={100--109},
  year={2021},
  publisher={Wiley Online Library}
}
@article{poortman2017shared,
  title={Shared residence after separation: A review and new findings from the Netherlands},
  author={Poortman, Anne-Rigt and van Gaalen, Ruben},
  journal={Family Court Review},
  volume={55},
  number={4},
  pages={531--544},
  year={2017},
  publisher={Wiley Online Library}
}
@article{lappegaard2018intergenerational,
  title={Intergenerational transmission of multipartner fertility},
  author={Lappeg{\aa}rd, Trude and Thomson, Elizabeth},
  journal={Demography},
  volume={55},
  number={6},
  pages={2205--2228},
  year={2018},
  publisher={Duke University Press}
}
@article{walper2021shared,
  title={Shared physical custody after parental separation: Evidence from Germany},
  author={Walper, Sabine and Entleitner-Phleps, Christine and Langmeyer, Alexandra N},
  journal={Shared Physical Custody},
  volume={25},
  pages={285},
  year={2021},
  publisher={Springer, Cham}
}